<?xml version="1.0" encoding="UTF-8"?>
<record xmlns="http://www.loc.gov/MARC21/slim" xmlns:xsi="http://www.w3.org/2001/XMLSchema-instance" xsi:schemaLocation="http://www.loc.gov/MARC21/slim http://www.loc.gov/standards/marcxml/schema/MARC21slim.xsd">
<leader>     cam a2200265 a 4500</leader>
<controlfield tag="001">002750536</controlfield>
<controlfield tag="003">NNU</controlfield>
<controlfield tag="005">19940713181853.0</controlfield>
<controlfield tag="008">860306s1884    ae            000 0 ara d</controlfield>
<datafield tag="035" ind1="9" ind2=" ">
<subfield code="a">NYUb10450452</subfield>
</datafield>
<datafield tag="035" ind1=" " ind2=" ">
<subfield code="a">(CStRLIN)NYUG86-B7444</subfield>
</datafield>
<datafield tag="035" ind1=" " ind2=" ">
<subfield code="a">GLIS004504528</subfield>
</datafield>
<datafield tag="040" ind1=" " ind2=" ">
<subfield code="a">NNU</subfield>
<subfield code="c">NNU</subfield>
</datafield>
<datafield tag="090" ind1=" " ind2=" ">
<subfield code="i">01/08/91 T</subfield>
<subfield code="h">12/13/90 CT</subfield>
<subfield code="h">12/11/86 CT</subfield>
<subfield code="h">04/30/86 CT</subfield>
</datafield>
<datafield tag="100" ind1="1" ind2=" ">
<subfield code="a">Sharīf al-Murtaḍá, ʻAlam al-Hudá ʻAlī ibn al-Ḥusayn,</subfield>
<subfield code="d">966-1044 or 5.</subfield>
</datafield>
<datafield tag="245" ind1="1" ind2="0">
<subfield code="a">Shihāb fī al-Shayb wa-al-shabāb /</subfield>
<subfield code="c">taʼlīf al-Sharīf al-Murtaḍʹa Abī al-Qāsim ʻAlī ibn al-Sharīf al-Ṭāhir Abī Aḥmad al-Ḥusayn ibn Mūsʹa al-Mūsawī ; wa-yalīhu Salwat al-ḥrīf bi-munāẓarat al-Rabīʻ wa-al-Kharīf /taʼlīf Farīd al-Zamān Abī ʻUthmān ʻAmr ibn Baḥr al-Jāhiz.</subfield>
</datafield>
<datafield tag="250" ind1=" " ind2=" ">
<subfield code="a">al-Ṭabʻah 1.</subfield>
</datafield>
<datafield tag="260" ind1=" " ind2=" ">
<subfield code="a">Qusṭanṭīnīyah :</subfield>
<subfield code="b">Maṭbaʻat al-Jawāʼib,</subfield>
<subfield code="c">1302 [1884 or 5].</subfield>
</datafield>
<datafield tag="300" ind1=" " ind2=" ">
<subfield code="a">136 p. ;</subfield>
<subfield code="c">24 cm.</subfield>
</datafield>
<datafield tag="650" ind1=" " ind2="0">
<subfield code="a">Arabic poetry</subfield>
<subfield code="x">History and criticism</subfield>
<subfield code="v">Early works to 1800.</subfield>
</datafield>
<datafield tag="650" ind1=" " ind2="0">
<subfield code="a">Old age in literature</subfield>
<subfield code="v">Early works to 1800.</subfield>
</datafield>
<datafield tag="700" ind1="0" ind2=" ">
<subfield code="a">Jāḥiẓ,</subfield>
<subfield code="d">d. 868 or 9.</subfield>
<subfield code="t">Kitāb salwat al-ḥarīf bi-munāẓarat al-Rabīʻ wa-al-kharīf.</subfield>
</datafield>
<datafield tag="700" ind1="0" ind2=" ">
<subfield code="a">Jāḥiẓ,</subfield>
<subfield code="d">d. 868 or 9.</subfield>
<subfield code="t">Salwat al-ḥarīf bi-munāẓarat al-Rabīʻ wa- al-kharīf.</subfield>
</datafield>
<datafield tag="OWN" ind1=" " ind2=" ">
<subfield code="a">GENERAL</subfield>
</datafield>
<datafield tag="950" ind1=" " ind2=" ">
<subfield code="l">BMAIN</subfield>
<subfield code="a">PJ7542.O43</subfield>
<subfield code="b">S5 1884</subfield>
<subfield code="h">12/13/90 C</subfield>
<subfield code="h">12/11/86 C</subfield>
<subfield code="h">04/30/86 C</subfield>
</datafield>
<datafield tag="955" ind1=" " ind2=" ">
<subfield code="l">BMAIN</subfield>
<subfield code="c">1</subfield>
<subfield code="r">011725762</subfield>
<subfield code="h">04/30/86 C</subfield>
</datafield>
<datafield tag="998" ind1=" " ind2=" ">
<subfield code="a">01/08/91</subfield>
<subfield code="t">c</subfield>
<subfield code="s">9114</subfield>
<subfield code="n">NNU</subfield>
<subfield code="w">NYUG86B7444</subfield>
<subfield code="d">03/06/86</subfield>
<subfield code="c">MG</subfield>
<subfield code="b">XXX</subfield>
<subfield code="i">910108</subfield>
<subfield code="h">901213</subfield>
<subfield code="h">861211</subfield>
<subfield code="h">860430</subfield>
<subfield code="l">NYUG</subfield>
</datafield>
<datafield tag="AVA" ind1=" " ind2=" ">
<subfield code="a">NYU50</subfield>
<subfield code="b">BOBST</subfield>
<subfield code="c">Main Collection</subfield>
<subfield code="d">PJ7542.O43 S5 1884</subfield>
<subfield code="e">unavailable</subfield>
<subfield code="t">Unavailable</subfield>
<subfield code="f">1</subfield>
<subfield code="g">1</subfield>
<subfield code="h">N</subfield>
<subfield code="i">1</subfield>
<subfield code="j">MAIN</subfield>
</datafield>
</record>
